@book{blanchard2011system,
	author = {Blanchard, Benjamin S. and Fabrycky, Wolter J.},
	title = {System Engineering and Analysis},
	edition = {5},
	publisher = {Prentice Hall},
	year = {2011},
	address = {Upper Saddle River, NJ}
}

@standard{iec2018fmeca,
	author = {{International Electrotechnical Commission (IEC)}},
	title = {Failure Mode and Effects Analysis (FMEA, FMECA) -- Part 5: Guide for application in electrical and electronic products},
	series = {IEC 60812},
	year = {2018},
	publisher = {IEC},
	note = {Mezinárodní norma pro analýzu FMEA/FMECA, klíčová pro elektroniku.}
}

@article{doe2023pcbreliability,
	author = {Doe, John},
	title = {Impact of Component Placement on PCB Thermal Reliability},
	journal = {Journal of Electronic Design and Technology},
	volume = {15},
	number = {2},
	pages = {45--56},
	year = {2023},
	doi = {10.1234/jedt.2023.0045}
}

@online{nasa2010reliability,
	author = {{National Aeronautics and Space Administration (NASA)}},
	title = {Reliability and Maintainability Handbook},
	year = {2010},
	url = {https://klas.jsc.nasa.gov/docs/NASA_Reliability_Maintainability_Handbook.pdf},
	urldate = {2024-10-18},
	note = {Užitečný zdroj pro metodiky spolehlivosti v inženýrství.}
}